
@rfc{RFC1149,
 author = {Waitzman, D.},
 title = {Standard for the transmission of IP datagrams on avian carriers},
 year = {1990},
 publisher = {RFC Editor},
 address = {United States},
} 

@book{TanenbaumCN02,
 author = {Tanenbaum, Andrew},
 title = {Computer Networks},
 year = {2002},
 isbn = {0130661023},
 edition = {4th},
 publisher = {Prentice Hall Professional Technical Reference},
} 

@InProceedings{punguta1876,
  author = 	 {Ion Creangă},
  title = 	 {Punguța cu doi bani},
  OPTcrossref =  {},
  OPTkey = 	 {},
  booktitle = {Convorbiri Literare},
  OPTpages = 	 {},
  year = 	 {1876},
  OPTeditor = 	 {},
  OPTvolume = 	 {},
  number = 	 {10},
  OPTseries = 	 {},
  OPTaddress = 	 {},
  month = 	 {ianuarie},
  OPTorganization = {},
  OPTpublisher = {},
  OPTnote = 	 {},
  OPTannote = 	 {}
}
@misc{wiki:xxx,
   author = "Wikipedia",
   title = "LaTeX --- Wikipedia{,} The Free Encyclopedia",
   year = "2014",
   howpublished = "\url{http://en.wikipedia.org/w/index.php?title=LaTeX\&oldid=413720397}",
   note = "[Online; accessed 14-June-2014]"
 }
