@rfc{RFC1149,
 author = {Waitzman, D.},
 title = {Standard for the transmission of IP datagrams on avian carriers},
 year = {1990},
 publisher = {RFC Editor},
 address = {United States},
} 

@book{TanenbaumCN02,
 author = {Tanenbaum, Andrew},
 title = {Computer Networks},
 year = {2002},
 isbn = {0130661023},
 edition = {4th},
 publisher = {Prentice Hall Professional Technical Reference},
} 
@inproceedings{wille:1982,
  added-at = {2012-03-05T11:32:59.000+0100},
  address = {Dordrecht/Boston},
  author = {Wille, Rudolf},
  biburl = {http://www.bibsonomy.org/bibtex/2c219e37f42312a5cdefda1f90175f1b8/kde},
  booktitle = {Ordered Sets},
  editor = {Rival, Ivan},
  interhash = {1e021e8bace9683c92416cd882eb4c4d},
  intrahash = {c219e37f42312a5cdefda1f90175f1b8},
  keywords = {2012 citedBy:doerfel2012publication fca icfca lattice},
  pages = {445--470},
  publisher = {Reidel},
  timestamp = {2012-03-05T11:32:59.000+0100},
  title = {Restructuring lattice theory: an approach based on
                   hierarchies of concepts.},
  year = 1982
}

@book{Carpineto:2004:CDA:975252,
 author = {Carpineto, Claudio and Romano, Giovanni},
 title = {Concept Data Analysis: Theory and Applications},
 year = {2004},
 isbn = {0470850558},
 publisher = {John Wiley \& Sons},
} 

@book{Ganter:1997:FCA:550737,
 author = {Ganter, Bernhard and Wille, Rudolf},
 title = {Formal Concept Analysis: Mathematical Foundations},
 year = {1997},
 isbn = {3540627715},
 edition = {1st},
 publisher = {Springer-Verlag New York, Inc.},
 address = {Secaucus, NJ, USA},
} 

@incollection{Vogt:1995:Toscana,
  year={1995},
  isbn={978-3-540-58950-1},
  booktitle={Graph Drawing},
  volume={894},
  series={Lecture Notes in Computer Science},
  editor={Tamassia, Roberto and Tollis, IoannisG.},
  doi={10.1007/3-540-58950-3_374},
  title={TOSCANA â€” A graphical tool for analyzing and exploring data},
  url={http://dx.doi.org/10.1007/3-540-58950-3_374},
  publisher={Springer Berlin Heidelberg},
  author={Vogt, Frank and Wille, Rudolf},
  pages={226-233}
}

@misc{utapriss:software,
  author = "Uta Priss",
  title = "Formal Concept Analysis Homepage",
  year = "2007",
  howpublished = "\url{http://www.upriss.org.uk/fca/fcasoftware.html}",
  note = "[Online; accesat la 15-Iunie-2014]"
}

@misc{ToscanaJ:homepage,
  author = "ToscanaJ Developers",
  title = "ToscanaJ Homepage",
  year = "2014",
  howpublished = "\url{http://toscanaj.sourceforge.net/}",
  note = "[Online; accesat la 15-Iunie-2014]"
}


@misc{ToscanaJ:toscanaj,
  author = "ToscanaJ Developers",
  title = "ToscanaJ Homepage",
  year = "2014",
  howpublished = "\url{http://toscanaj.sourceforge.net/toscanaJ/index.html}",
  note = "[Online; accesat la 15-Iunie-2014]"
}

@misc{GaloisExplorer:homepage,
  author = "GaloisExplorer team",
  title = "GaloisExplorer: Project Web Hosting - Open Source Software",
  year = "2009",
  howpublished = "\url{http://galoisexplorer.sourceforge.net/}",
  note = "[Online; accesat la 15-Iunie-2014]"
}

@misc{coin3d:homepage,
  author = "Coin3d team",
  title = "Coin3d / Coin / wiki",
  year = "2014",
  howpublished = "\url{https://bitbucket.org/Coin3D/coin/wiki/Home}",
  note = "[Online; accesat la 15-Iunie-2014]"
}

@misc{GaloisExplorer:sourceforge,
  author = "GaloisExplorer team",
  title = "GaloisExplorer | Free Science \& Engineering software downloads at SourceForge.net",
  year = "2014",
  howpublished = "\url{http://sourceforge.net/projects/galoisexplorer/}",
  note = "[Online; accesat la 15-Iunie-2014]"
}

@misc{LatexForFCA:homepage,
  author = "Bernhard Ganter",
  title = "Latex for FCA",
  year = "2014",
  howpublished = "\url{http://www.math.tu-dresden.de/~ganter/fca/}",
  note = "[Online; accesat la 15-Iunie-2014]"
}

@misc{conexp:users,
  author = "Serhiy A. Yevtushenko",
  title = "The Concept Explorer",
  year = "2014",
  howpublished = "\url{http://conexp.sourceforge.net/users/documentation.html}",
  note = "[Online; accesat la 15-Iunie-2014]"
}

@misc{sqljs:homepage,
  author = "Alon Zakai",
  title = "kripken/sql.js",
  year = "2014",
  howpublished = "\url{https://github.com/kripken/sql.js/}",
  note = "[Online; accesat la 15-Iunie-2014]"
}

@incollection{Ganter:2005:ToscanaJ,
year={2005},
isbn={978-3-540-27891-7},
booktitle={Formal Concept Analysis},
volume={3626},
series={Lecture Notes in Computer Science},
editor={Ganter, Bernhard and Stumme, Gerd and Wille, Rudolf},
doi={10.1007/11528784_17},
title={The ToscanaJ Suite for Implementing Conceptual Information Systems},
url={http://dx.doi.org/10.1007/11528784_17},
publisher={Springer Berlin Heidelberg},
author={Becker, Peter and Correia, JoachimHereth},
pages={324-348}
}

@article{ashkenas:2012:coffeescript,
  title={CoffeeScript},
  author={Ashkenas, Jeremy and others},
  journal={Retrieved from \url{http://coffeescript. org}},
  year={2012}
}

@book{flanagan:2002:javascript,
  title={JavaScript: the definitive guide},
  author={Flanagan, David},
  year={2002},
  publisher={" O'Reilly Media, Inc."}
}

@ARTICLE{bostock:2011:d3,
  author={Bostock, M. and Ogievetsky, V. and Heer, J.},
  journal={Visualization and Computer Graphics, IEEE Transactions on},
  title={D3; Data-Driven Documents},
  year={2011},
  month={Dec},
  volume={17},
  number={12},
  pages={2301-2309},
  abstract={Data-Driven Documents (D3) is a novel representation-transparent approach to visualization for the web. Rather than hide the underlying scenegraph within a toolkit-specific abstraction, D3 enables direct inspection and manipulation of a native representation: the standard document object model (DOM). With D3, designers selectively bind input data to arbitrary document elements, applying dynamic transforms to both generate and modify content. We show how representational transparency improves expressiveness and better integrates with developer tools than prior approaches, while offering comparable notational efficiency and retaining powerful declarative components. Immediate evaluation of operators further simplifies debugging and allows iterative development. Additionally, we demonstrate how D3 transforms naturally enable animation and interaction with dramatic performance improvements over intermediate representations.},
  doi={10.1109/TVCG.2011.185},
  ISSN={1077-2626}
}

@TechReport{Ferraiolo:01:SVG,
  author      = "Jon Ferraiolo",
  title       = "Scalable Vector Graphics ({SVG}) 1.0 Specification",
  month       = sep,
  note        = "http://www.w3.org/TR/2001/REC-SVG-20010904",
  year        = "2001",
  bibsource   = "http://w2.syronex.com/jmr/w3c-biblio",
  type        = "{W3C} Recommendation",
  institution = "W3C",
}

@inproceedings{Zakai:2011:ELC:2048147.2048224,
 author = {Zakai, Alon},
 title = {Emscripten: An LLVM-to-JavaScript Compiler},
 booktitle = {Proceedings of the ACM International Conference Companion on Object Oriented Programming Systems Languages and Applications Companion},
 series = {SPLASH '11},
 year = {2011},
 isbn = {978-1-4503-0942-4},
 location = {Portland, Oregon, USA},
 pages = {301--312},
 numpages = {12},
 url = {http://doi.acm.org/10.1145/2048147.2048224},
 doi = {10.1145/2048147.2048224},
 acmid = {2048224},
 publisher = {ACM},
 address = {New York, NY, USA},
 keywords = {decompiler, javascript, llvm},
} 

@TechReport{Hickson:12:WW,
  author      = "Ian Hickson",
  title       = "Web Workers",
  month       = may,
  note        = "http://www.w3.org/TR/2012/CR-workers-20120501/",
  year        = "2012",
  bibsource   = "http://w2.syronex.com/jmr/w3c-biblio",
  type        = "Candidate Recommendation",
  institution = "W3C",
}
